@inproceedings{grisetti2005improving,
  title={Improving grid-based slam with rao-blackwellized particle filters by adaptive proposals and selective resampling},
  author={Grisetti, Giorgio and Stachniss, Cyrill and Burgard, Wolfram},
  booktitle={Proceedings of the 2005 IEEE international conference on robotics and automation},
  pages={2432--2437},
  year={2005},
  organization={IEEE}
}

@article{grisetti2007improved,
  title={Improved techniques for grid mapping with rao-blackwellized particle filters},
  author={Grisetti, Giorgio and Stachniss, Cyrill and Burgard, Wolfram},
  journal={IEEE transactions on Robotics},
  volume={23},
  number={1},
  pages={34--46},
  year={2007},
  publisher={IEEE}
}

@masterthesis{Horner2016,
  author = {Jiří Hörner},
  title = {Map-merging for multi-robot system},
  address = {Prague},
  year = {2016},
  school = {Charles University in Prague, Faculty of Mathematics and Physics},
  type = {Bachelor's thesis},
  URL = {https://is.cuni.cz/webapps/zzp/detail/174125/},
}